%du------


%guan------
@inproceedings{CremonaLBNLT16,
  author    = {Fabio Cremona and
               Marten Lohstroh and
               David Broman and
               Marco Di Natale and
               Edward A. Lee and
               Stavros Tripakis},
  title     = {Step revision in hybrid Co-simulation with {FMI}},
  booktitle = {2016 {ACM/IEEE} International Conference on Formal Methods and Models
               for System Design, {MEMOCODE} 2016, Kanpur, India, November 18-20,
               2016},
  pages     = {173--183},
  year      = {2016},
  crossref  = {DBLP:conf/memocode/2016},
  url       = {http://dx.doi.org/10.1109/MEMCOD.2016.7797762},
  doi       = {10.1109/MEMCOD.2016.7797762},
  timestamp = {Thu, 05 Jan 2017 14:31:40 +0100},
  biburl    = {http://dblp.uni-trier.de/rec/bib/conf/memocode/CremonaLBNLT16},
  bibsource = {dblp computer science bibliography, http://dblp.org}
}

@inproceedings{BromanBGLMTW13,
  author    = {David Broman and
               Christopher X. Brooks and
               Lev Greenberg and
               Edward A. Lee and
               Michael Masin and
               Stavros Tripakis and
               Michael Wetter},
  title     = {Determinate composition of FMUs for co-simulation},
  booktitle = {Proceedings of the International Conference on Embedded Software,
               {EMSOFT} 2013, Montreal, QC, Canada, September 29 - Oct. 4, 2013},
  pages     = {2:1--2:12},
  year      = {2013},
  crossref  = {DBLP:conf/emsoft/2013},
  url       = {http://dx.doi.org/10.1109/EMSOFT.2013.6658580},
  doi       = {10.1109/EMSOFT.2013.6658580},
  timestamp = {Thu, 28 May 2015 17:23:19 +0200},
  biburl    = {http://dblp.uni-trier.de/rec/bib/conf/emsoft/BromanBGLMTW13},
  bibsource = {dblp computer science bibliography, http://dblp.org}
}

%wang------
@article{AlurD94,
  author    = {Rajeev Alur and
               David L. Dill},
  title     = {A Theory of Timed Automata},
  journal   = {Theor. Comput. Sci.},
  volume    = {126},
  number    = {2},
  pages     = {183--235},
  year      = {1994},
  url       = {http://dx.doi.org/10.1016/0304-3975(94)90010-8},
  doi       = {10.1016/0304-3975(94)90010-8},
  timestamp = {Wed, 07 Sep 2011 12:13:21 +0200},
  biburl    = {http://dblp.dagstuhl.de/rec/bib/journals/tcs/AlurD94},
  bibsource = {dblp computer science bibliography, http://dblp.org}
}

%jiang------
@inproceedings{BehrmannDLHPYH06,
  author    = {Gerd Behrmann and
               Alexandre David and
               Kim Guldstrand Larsen and
               John H{\aa}kansson and
               Paul Pettersson and
               Wang Yi and
               Martijn Hendriks},
  title     = {{UPPAAL} 4.0},
  booktitle = {Third International Conference on the Quantitative Evaluation of Systems
               {(QEST} 2006), 11-14 September 2006, Riverside, California, {USA}},
  pages     = {125--126},
  year      = {2006},
  crossref  = {DBLP:conf/qest/2006},
  url       = {http://dx.doi.org/10.1109/QEST.2006.59},
  doi       = {10.1109/QEST.2006.59},
  timestamp = {Fri, 08 Aug 2014 15:28:23 +0200},
  biburl    = {http://dblp.dagstuhl.de/rec/bib/conf/qest/BehrmannDLHPYH06},
  bibsource = {dblp computer science bibliography, http://dblp.org}
}

@inproceedings{AmalioPCW16,
  author    = {Nuno Am{\'{a}}lio and
               Richard Payne and
               Ana Cavalcanti and
               Jim Woodcock},
  title     = {Checking SysML Models for Co-simulation},
  booktitle = {Formal Methods and Software Engineering - 18th International Conference
               on Formal Engineering Methods, {ICFEM} 2016, Tokyo, Japan, November
               14-18, 2016, Proceedings},
  pages     = {450--465},
  year      = {2016},
  crossref  = {DBLP:conf/icfem/2016},
  url       = {http://dx.doi.org/10.1007/978-3-319-47846-3_28},
  doi       = {10.1007/978-3-319-47846-3_28},
  timestamp = {Mon, 31 Oct 2016 13:40:34 +0100},
  biburl    = {http://dblp.dagstuhl.de/rec/bib/conf/icfem/AmalioPCW16},
  bibsource = {dblp computer science bibliography, http://dblp.org}
}

@inproceedings{BromanBGLMTW13,
  author    = {David Broman and
               Christopher X. Brooks and
               Lev Greenberg and
               Edward A. Lee and
               Michael Masin and
               Stavros Tripakis and
               Michael Wetter},
  title     = {Determinate composition of FMUs for co-simulation},
  booktitle = {Proceedings of the International Conference on Embedded Software,
               {EMSOFT} 2013, Montreal, QC, Canada, September 29 - Oct. 4, 2013},
  pages     = {2:1--2:12},
  year      = {2013},
  crossref  = {DBLP:conf/emsoft/2013},
  url       = {http://dx.doi.org/10.1109/EMSOFT.2013.6658580},
  doi       = {10.1109/EMSOFT.2013.6658580},
  timestamp = {Thu, 28 May 2015 17:23:19 +0200},
  biburl    = {http://dblp.dagstuhl.de/rec/bib/conf/emsoft/BromanBGLMTW13},
  bibsource = {dblp computer science bibliography, http://dblp.org}
}

@inproceedings{CremonaLTBL16,
  author    = {Fabio Cremona and
               Marten Lohstroh and
               Stavros Tripakis and
               Christopher X. Brooks and
               Edward A. Lee},
  title     = {{FIDE:} an {FMI} integrated development environment},
  booktitle = {Proceedings of the 31st Annual {ACM} Symposium on Applied Computing,
               Pisa, Italy, April 4-8, 2016},
  pages     = {1759--1766},
  year      = {2016},
  crossref  = {DBLP:conf/sac/2016},
  url       = {http://doi.acm.org/10.1145/2851613.2851677},
  doi       = {10.1145/2851613.2851677},
  timestamp = {Mon, 06 Jun 2016 18:51:39 +0200},
  biburl    = {http://dblp.dagstuhl.de/rec/bib/conf/sac/CremonaLTBL16},
  bibsource = {dblp computer science bibliography, http://dblp.org}
}

@inproceedings{Bastian2011Master,
  title={Master for co-simulation using FMI},
  author={Bastian, Jens and Clauß, Christoph and Wolf, Susann and Schneider, Peter},
  year={2011},
}

@article{GeorgMRW14,
  author    = {Hanno Georg and
               Sven Christian M{\"{u}}ller and
               Christian Rehtanz and
               Christian Wietfeld},
  title     = {Analyzing Cyber-Physical Energy Systems: The {INSPIRE} Cosimulation
               of Power and {ICT} Systems Using {HLA}},
  journal   = {{IEEE} Trans. Industrial Informatics},
  volume    = {10},
  number    = {4},
  pages     = {2364--2373},
  year      = {2014},
  url       = {http://dx.doi.org/10.1109/TII.2014.2332097},
  doi       = {10.1109/TII.2014.2332097},
  timestamp = {Mon, 17 Nov 2014 10:22:23 +0100},
  biburl    = {http://dblp.dagstuhl.de/rec/bib/journals/tii/GeorgMRW14},
  bibsource = {dblp computer science bibliography, http://dblp.org}
}

@inproceedings{LiuJWCD16,
  author    = {Jufu Liu and
               Kaiqiang Jiang and
               Xiao Wang and
               Bei Cheng and
               Dehui Du},
  title     = {Improved Co-Simulation with Event Detection for Stochastic Behaviors
               of CPSs},
  booktitle = {40th {IEEE} Annual Computer Software and Applications Conference,
               {COMPSAC} 2016, Atlanta, GA, USA, June 10-14, 2016},
  pages     = {209--214},
  year      = {2016},
  crossref  = {DBLP:conf/compsac/2016},
  url       = {http://dx.doi.org/10.1109/COMPSAC.2016.133},
  doi       = {10.1109/COMPSAC.2016.133},
  timestamp = {Mon, 19 Sep 2016 15:58:56 +0200},
  biburl    = {http://dblp.dagstuhl.de/rec/bib/conf/compsac/LiuJWCD16},
  bibsource = {dblp computer science bibliography, http://dblp.org}
}

@inproceedings{SkelinWOHL15,
  author    = {Mladen Skelin and
               Erik Ramsgaard Wognsen and
               Mads Chr. Olesen and
               Ren{\'{e}} Rydhof Hansen and
               Kim Guldstrand Larsen},
  title     = {Model checking of finite-state machine-based scenario-aware dataflow
               using timed automata},
  booktitle = {10th {IEEE} International Symposium on Industrial Embedded Systems,
               {SIES} 2015, Siegen, Germany, June 8-10, 2015},
  pages     = {235--244},
  year      = {2015},
  crossref  = {DBLP:conf/sies/2015},
  url       = {http://dx.doi.org/10.1109/SIES.2015.7185065},
  doi       = {10.1109/SIES.2015.7185065},
  timestamp = {Mon, 17 Aug 2015 15:57:27 +0200},
  biburl    = {http://dblp.dagstuhl.de/rec/bib/conf/sies/SkelinWOHL15},
  bibsource = {dblp computer science bibliography, http://dblp.org}
}

@article{Bogomolov2015Co,
  title={Co-Simulation of Hybrid Systems with SpaceEx and Uppaal},
  author={Bogomolov, Sergiy and Greitschus, Marius and Jensen, Peter Gjøl and Larsen, Kim Guldstrand and Mikucionis, Marius and Podelski, Andreas and Strump, Thomas and Tripakis, Stavros},
  year={2015},
}

%FMI
@article{Blochwitz2011The,
  title={The functional mockup interface for tool independent exchange of simulation models},
  author={Blochwitz, T.},
  number={2011-03-22},
  pages={105-114},
  year={2011},
}
@inproceedings{FMI2INTRO,
  author       = {Blochwitz, Torsten and Otter, Martin and Åkesson, Johan and Arnold, Martin and Clauss, Christoph and Elmqvist, Hilding and Friedrich, Markus and Junghanns, Andreas and Mauss, Jakob and Neumerkel, Dietmar and Olsson, Hans and Viel, Antoine},
  booktitle    = {Proceedings of the 9th International Modelica Conference},
  isbn         = {978-91-7519-826-2},
  keyword      = {Simulation,Co-Simulation Model Exchange,Functional Mockup Interface (FMI),Functional Mockup Unit (FMU)},
  language     = {eng},
  pages        = {173--184},
  publisher    = {The Modelica Association},
  title        = {Functional Mockup Interface 2.0: The Standard for Tool independent Exchange of Simulation Models},
  url          = {http://dx.doi.org/10.3384/ecp12076173},
  year         = {2012},
}

@inproceedings{Larsen2016Integrated,
  title={Integrated tool chain for model-based design of Cyber-Physical Systems: The INTO-CPS project},
  author={Larsen, Peter Gorm and Fitzgerald, John and Woodcock, Jim and Fritzson, Peter},
  booktitle={International Workshop on Modelling, Analysis, and Control of Complex Cps},
  pages={1-6},
  year={2016},
}

@inproceedings{Tripakis15,
  author    = {Stavros Tripakis},
  title     = {Bridging the semantic gap between heterogeneous modeling formalisms
               and {FMI}},
  booktitle = {2015 International Conference on Embedded Computer Systems: Architectures,
               Modeling, and Simulation, {SAMOS} 2015, Samos, Greece, July 19-23,
               2015},
  pages     = {60--69},
  year      = {2015},
  crossref  = {DBLP:conf/samos/2015},
  url       = {http://dx.doi.org/10.1109/SAMOS.2015.7363660},
  doi       = {10.1109/SAMOS.2015.7363660},
  timestamp = {Thu, 07 Jan 2016 18:53:14 +0100},
  biburl    = {http://dblp.dagstuhl.de/rec/bib/conf/samos/Tripakis15},
  bibsource = {dblp computer science bibliography, http://dblp.org}
}

@article{BouchenebGR09,
  author    = {Hanifa Boucheneb and
               Guillaume Gardey and
               Olivier H. Roux},
  title     = {{TCTL} Model Checking of Time Petri Nets},
  journal   = {J. Log. Comput.},
  volume    = {19},
  number    = {6},
  pages     = {1509--1540},
  year      = {2009},
  url       = {http://dx.doi.org/10.1093/logcom/exp036},
  doi       = {10.1093/logcom/exp036},
  timestamp = {Sun, 02 May 2010 15:37:48 +0200},
  biburl    = {http://dblp.dagstuhl.de/rec/bib/journals/logcom/BouchenebGR09},
  bibsource = {dblp computer science bibliography, http://dblp.org}
}

@article{Fritzson1998Modelica,
  title={Modelica - a unified object-oriented language for system modelling and simulation},
  author={Fritzson, Peter and Engelson, Vadim},
  journal={Lecture Notes in Computer Science},
  volume={1445},
  number={1445},
  pages={67--90},
  year={1998},
}

@inproceedings{Cheng2015Modana,
  title={Modana: An Integrated Framework for Modeling and Analysis of Energy-Aware CPSs},
  author={Cheng, Bei and Wang, Xiao and Liu, Jufu and Du, Dehui},
  booktitle={IEEE  Computer Software and Applications Conference},
  pages={127-136},
  year={2015},
}

@article{Zanero17,
  author    = {Stefano Zanero},
  title     = {Cyber-Physical Systems},
  journal   = {{IEEE} Computer},
  volume    = {50},
  number    = {4},
  pages     = {14--16},
  year      = {2017},
  url       = {https://doi.org/10.1109/MC.2017.105},
  doi       = {10.1109/MC.2017.105},
  timestamp = {Wed, 10 May 2017 15:11:17 +0200},
  biburl    = {http://dblp.dagstuhl.de/rec/bib/journals/computer/Zanero17},
  bibsource = {dblp computer science bibliography, http://dblp.org}
}

@inproceedings{AckerDVM15,
  author    = {Bert Van Acker and
               Joachim Denil and
               Hans Vangheluwe and
               Paul De Meulenaere},
  title     = {Generation of an optimised master algorithm for {FMI} co-simulation},
  booktitle = {Proceedings of the Symposium on Theory of Modeling {\&} Simulation:
               {DEVS} Integrative M{\&}S Symposium, part of the 2015 Spring Simulation
               Multiconference, SpringSim '15, Alexandria, VA, USA, April 12-15,
               2015},
  pages     = {205--212},
  year      = {2015},
  crossref  = {DBLP:conf/springsim/2015-4},
  url       = {http://dl.acm.org/citation.cfm?id=2872993},
  timestamp = {Tue, 26 Jan 2016 19:45:43 +0100},
  biburl    = {http://dblp.dagstuhl.de/rec/bib/conf/springsim/AckerDVM15},
  bibsource = {dblp computer science bibliography, http://dblp.org}
}

@article{RahimHI17,
  author    = {Messaoud Rahim and
               Ahmed Hammad and
               Malika Ioualalen},
  title     = {A methodology for verifying SysML requirements using activity diagrams},
  journal   = {{ISSE}},
  volume    = {13},
  number    = {1},
  pages     = {19--33},
  year      = {2017},
  url       = {http://dx.doi.org/10.1007/s11334-016-0281-y},
  doi       = {10.1007/s11334-016-0281-y},
  timestamp = {Tue, 21 Feb 2017 12:05:57 +0100},
  biburl    = {http://dblp.dagstuhl.de/rec/bib/journals/isse/RahimHI17},
  bibsource = {dblp computer science bibliography, http://dblp.org}
}

@inproceedings{DanosHGS17,
  author    = {Vincent Danos and
               Tobias Heindel and
               Ilias Garnier and
               Jakob Grue Simonsen},
  title     = {Computing Continuous-Time Markov Chains as Transformers of Unbounded
               Observables},
  booktitle = {Foundations of Software Science and Computation Structures - 20th
               International Conference, {FOSSACS} 2017, Held as Part of the European
               Joint Conferences on Theory and Practice of Software, {ETAPS} 2017,
               Uppsala, Sweden, April 22-29, 2017, Proceedings},
  pages     = {338--354},
  year      = {2017},
  crossref  = {DBLP:conf/fossacs/2017},
  url       = {http://dx.doi.org/10.1007/978-3-662-54458-7_20},
  doi       = {10.1007/978-3-662-54458-7_20},
  timestamp = {Mon, 10 Apr 2017 15:13:30 +0200},
  biburl    = {http://dblp.dagstuhl.de/rec/bib/conf/fossacs/DanosHGS17},
  bibsource = {dblp computer science bibliography, http://dblp.org}
}

@article{Guerry13,
  author    = {Marie{-}Anne Guerry},
  title     = {On the Embedding Problem for Discrete-Time Markov Chains},
  journal   = {J. Applied Probability},
  volume    = {50},
  number    = {4},
  pages     = {918--930},
  year      = {2013},
  url       = {http://dx.doi.org/10.1017/S002190020001370X},
  doi       = {10.1017/S002190020001370X},
  timestamp = {Tue, 19 Apr 2016 15:38:09 +0200},
  biburl    = {http://dblp.dagstuhl.de/rec/bib/journals/jap/Guerry13},
  bibsource = {dblp computer science bibliography, http://dblp.org}
}

@article{SemerathBHSV17,
  author    = {Oszk{\'{a}}r Semer{\'{a}}th and
               {\'{A}}gnes Barta and
               {\'{A}}kos Horv{\'{a}}th and
               Zolt{\'{a}}n Szatm{\'{a}}ri and
               D{\'{a}}niel Varr{\'{o}}},
  title     = {Formal validation of domain-specific languages with derived features
               and well-formedness constraints},
  journal   = {Software and System Modeling},
  volume    = {16},
  number    = {2},
  pages     = {357--392},
  year      = {2017},
  url       = {http://dx.doi.org/10.1007/s10270-015-0485-x},
  doi       = {10.1007/s10270-015-0485-x},
  timestamp = {Fri, 28 Apr 2017 15:09:36 +0200},
  biburl    = {http://dblp.dagstuhl.de/rec/bib/journals/sosym/SemerathBHSV17},
  bibsource = {dblp computer science bibliography, http://dblp.org}
}

@book{Dori16,
  author    = {Dov Dori},
  title     = {Model-Based Systems Engineering with {OPM} and SysML},
  publisher = {Springer},
  year      = {2016},
  url       = {http://dx.doi.org/10.1007/978-1-4939-3295-5},
  doi       = {10.1007/978-1-4939-3295-5},
  isbn      = {978-1-4939-3294-8},
  timestamp = {Thu, 02 Jun 2016 14:02:37 +0200},
  biburl    = {http://dblp.dagstuhl.de/rec/bib/books/sp/Dori16},
  bibsource = {dblp computer science bibliography, http://dblp.org}
}

@article{Pepper2015International,
  title={International Council on Systems Engineering},
  author={Pepper, Ian K. and Wolf, Ross},
  journal={Police Journal},
  volume={88},
  number={3},
  pages={7-7},
  year={2015},
}