@inproceedings{lee2008cyber,
  title={Cyber physical systems: Design challenges},
  author={Lee, Edward A},
  booktitle={Object Oriented Real-Time Distributed Computing (ISORC), 2008 11th IEEE International Symposium on},
  pages={363--369},
  year={2008},
  organization={IEEE}
}

@book{lee2011introduction,
	title={Introduction to embedded systems: A cyber-physical systems approach},
	author={Lee, Edward Ashford and Seshia, Sanjit Arunkumar},
	year={2011},
	publisher={Lee \& Seshia}
}

@article{wangzhongjie2011cpssurvey,
	title={信息物理融合系统研究综述},
	author={王中杰 and 谢璐璐},
	journal={自动化学报},
	volume={37},
	number={10},
	pages={1157-1166},
	year={2011},
}

@book{baier2008principles,
	title={Principles of model checking},
	author={Baier, Christel and Katoen, Joost-Pieter and others},
	volume={26202649},
	year={2008},
	publisher={MIT press Cambridge}
}

@article{platzer2008differential,
	title={Differential dynamic logic for hybrid systems},
	author={Platzer, Andr{\'e}},
	journal={Journal of Automated Reasoning},
	volume={41},
	number={2},
	pages={143--189},
	year={2008},
	publisher={Springer}
}

@inproceedings{platzer2008computing,
	title={Computing differential invariants of hybrid systems as fixedpoints},
	author={Platzer, Andr{\'e} and Clarke, Edmund M},
	booktitle={Computer Aided Verification},
	pages={176--189},
	year={2008},
	organization={Springer}
}

@inproceedings{legay2010statistical,
	title={Statistical model checking: An overview},
	author={Legay, Axel and Delahaye, Beno{\^\i}t and Bensalem, Saddek},
	booktitle={Runtime Verification},
	pages={122--135},
	year={2010},
	organization={Springer}
}

@book{ptolemaeus2014system,
	title={System Design, Modeling, and Simulation: Using Ptolemy II},
	author={Ptolemaeus, Claudius},
	year={2014},
	publisher={Ptolemy. org Berkeley, CA, USA}
}

@article{davis1984piecewise,
	title={Piecewise-deterministic Markov processes: A general class of non-diffusion stochastic models},
	author={Davis, Mark HA},
	journal={Journal of the Royal Statistical Society. Series B (Methodological)},
	pages={353--388},
	year={1984},
	publisher={JSTOR}
}

@incollection{hu2000towards,
	title={Towards a theory of stochastic hybrid systems},
	author={Hu, Jianghai and Lygeros, John and Sastry, Shankar},
	booktitle={Hybrid systems: computation and control},
	pages={160--173},
	year={2000},
	publisher={Springer}
}

@article{bulychev2012uppaal,
	title={Uppaal-smc: Statistical model checking for priced timed automata},
	author={Bulychev, Peter and David, Alexandre and Larsen, Kim Gulstrand and Miku{\v{c}}ionis, Marius and Poulsen, Danny B{\o}gsted and Legay, Axel and Wang, Zheng},
	journal={arXiv preprint arXiv:1207.1272},
	year={2012}
}

@inproceedings{kwiatkowska2011prism,
	title={PRISM 4.0: Verification of probabilistic real-time systems},
	author={Kwiatkowska, Marta and Norman, Gethin and Parker, David},
	booktitle={Computer aided verification},
	pages={585--591},
	year={2011},
	organization={Springer}
}

@incollection{boyer2013plasma,
	title={PLASMA-lab: A flexible, distributable statistical model checking library},
	author={Boyer, Beno{\^\i}t and Corre, Kevin and Legay, Axel and Sedwards, Sean},
	booktitle={Quantitative Evaluation of Systems},
	pages={160--164},
	year={2013},
	publisher={Springer}
}

@incollection{david2011statistical,
  title={Statistical model checking for networks of priced timed automata},
  author={David, Alexandre and Larsen, Kim G and Legay, Axel and Miku{\v{c}}ionis, Marius and Poulsen, Danny B{\o}gsted and Van Vliet, Jonas and Wang, Zheng},
  booktitle={Formal Modeling and Analysis of Timed Systems},
  pages={80--96},
  year={2011},
  publisher={Springer}
}

@article{chen2011petri,
	title={Petri net modeling of cyber-physical attacks on smart grid},
	author={Chen, Thomas M and Sanchez-Aarnoutse, Juan Carlos and Buford, John},
	journal={Smart Grid, IEEE Transactions on},
	volume={2},
	number={4},
	pages={741--749},
	year={2011},
	publisher={IEEE}
}

@inproceedings{ma2012object,
	title={Object-oriented petri nets based formal modeling for high-confidence cyber-physical systems},
	author={Ma, Zhiqiang and Fu, Xiao and Yu, Zhenhua},
	booktitle={Wireless Communications, Networking and Mobile Computing (WiCOM), 2012 8th International Conference on},
	pages={1--4},
	year={2012},
	organization={IEEE}
}

@techreport{younes2005verification,
	title={Verification and planning for stochastic processes with asynchronous events},
	author={Younes, Hakan L},
	year={2005},
	institution={DTIC Document}
}

@article{younes2006statistical,
	title={Statistical probabilistic model checking with a focus on time-bounded properties},
	author={Younes, H{\aa}kan LS and Simmons, Reid G},
	journal={Information and Computation},
	volume={204},
	number={9},
	pages={1368--1409},
	year={2006},
	publisher={Elsevier}
}

@inproceedings{sen2004statistical,
	title={Statistical model checking of black-box probabilistic systems},
	author={Sen, Koushik and Viswanathan, Mahesh and Agha, Gul},
	booktitle={Computer Aided Verification},
	pages={202--215},
	year={2004},
	organization={Springer}
}

@article{wald1945sequential,
	title={Sequential tests of statistical hypotheses},
	author={Wald, Abraham},
	journal={The Annals of Mathematical Statistics},
	volume={16},
	number={2},
	pages={117--186},
	year={1945},
	publisher={JSTOR}
}

@inproceedings{herault2004approximate,
	title={Approximate probabilistic model checking},
	author={H{\'e}rault, Thomas and Lassaigne, Richard and Magniette, Fr{\'e}d{\'e}ric and Peyronnet, Sylvain},
	booktitle={Verification, Model Checking, and Abstract Interpretation},
	pages={73--84},
	year={2004},
	organization={Springer}
}

@inproceedings{jha2009bayesian,
	title={A bayesian approach to model checking biological systems},
	author={Jha, Sumit K and Clarke, Edmund M and Langmead, Christopher J and Legay, Axel and Platzer, Andr{\'e} and Zuliani, Paolo},
	booktitle={Computational Methods in Systems Biology},
	pages={218--234},
	year={2009},
	organization={Springer}
}

@article{zuliani2013bayesian,
	title={Bayesian statistical model checking with application to Stateflow/Simulink verification},
	author={Zuliani, Paolo and Platzer, Andr{\'e} and Clarke, Edmund M},
	journal={Formal Methods in System Design},
	volume={43},
	number={2},
	pages={338--367},
	year={2013},
	publisher={Springer}
}

@incollection{bogdoll2011partial,
	title={Partial order methods for statistical model checking and simulation},
	author={Bogdoll, Jonathan and Fioriti, Luis Mar{\'\i}a Ferrer and Hartmanns, Arnd and Hermanns, Holger},
	booktitle={Formal Techniques for Distributed Systems},
	pages={59--74},
	year={2011},
	publisher={Springer}
}

@inproceedings{pavese2013automated,
	title={Automated reliability estimation over partial systematic explorations},
	author={Pavese, Esteban and Braberman, V{\'\i}ctor and Uchitel, Sebastian},
	booktitle={Software Engineering (ICSE), 2013 35th International Conference on},
	pages={602--611},
	year={2013},
	organization={IEEE}
}

@phdthesis{henriques2012statistical,
	title={Statistical model checking for markov decision processes},
	author={Henriques, David},
	year={2012},
	school={General Motors}
}

@inproceedings{he2010bounded,
	title={A bounded statistical approach for model checking of unbounded until properties},
	author={He, Ru and Jennings, Paul and Basu, Samik and Ghosh, Arka P and Wu, Huaiqing},
	booktitle={Proceedings of the IEEE/ACM international conference on Automated software engineering},
	pages={225--234},
	year={2010},
	organization={ACM}
}

@article{jennings2012two,
	title={A two-phase approximation for model checking probabilistic unbounded until properties of probabilistic systems},
	author={Jennings, Paul and Ghosh, Arka P and Basu, Samik},
	journal={ACM Transactions on Software Engineering and Methodology (TOSEM)},
	volume={21},
	number={3},
	pages={18},
	year={2012},
	publisher={ACM}
}

@inproceedings{jegourel2012cross,
	title={Cross-entropy optimisation of importance sampling parameters for statistical model checking},
	author={Jegourel, Cyrille and Legay, Axel and Sedwards, Sean},
	booktitle={Computer Aided Verification},
	pages={327--342},
	year={2012},
	organization={Springer}
}

@inproceedings{jegourel2013importance,
	title={Importance splitting for statistical model checking rare properties},
	author={Jegourel, Cyrille and Legay, Axel and Sedwards, Sean},
	booktitle={Computer Aided Verification},
	pages={576--591},
	year={2013},
	organization={Springer}
}

@article{du2015smc4rare,
	title={面向安全攸关系统中小概率事件的统计模型检测},
	author={杜德慧 and 程贝 and 刘静},
	journal={软件学报},
	number={2},
	pages={305-320},
	year={2015},
}

@article{kumar2014efficient,
	title={Efficient Statistical Model Checking of Hardware Circuits With Multiple Failure Regions},
	author={Kumar, Jayanand Asok and Ahmadyan, Seyed Nematollah and Vasudevan, Shobha},
	journal={Computer-Aided Design of Integrated Circuits and Systems, IEEE Transactions on},
	volume={33},
	number={6},
	pages={945--958},
	year={2014},
	publisher={IEEE}
}

@incollection{basu2010statistical,
	title={Statistical abstraction and model-checking of large heterogeneous systems},
	author={Basu, Ananda and Bensalem, Saddek and Bozga, Marius and Caillaud, Beno{\^\i}t and Delahaye, Beno{\^\i}t and Legay, Axel},
	booktitle={Formal Techniques for Distributed Systems},
	pages={32--46},
	year={2010},
	publisher={Springer}
}

@inproceedings{vodenvcarevic2012learning,
	title={Learning behavior models of hybrid systems using wavelets for autonomous jumps detection},
	author={Voden{\v{c}}arevi{\'c}, Asmir},
	booktitle={Industrial Informatics (INDIN), 2012 10th IEEE International Conference on},
	pages={151--156},
	year={2012},
	organization={IEEE}
}

@inproceedings{younes2005ymer,
	title={Ymer: A statistical model checker},
	author={Younes, H{\aa}kan LS},
	booktitle={Computer Aided Verification},
	pages={429--433},
	year={2005},
	organization={Springer}
}

@inproceedings{sen2005vesta,
	title={VESTA: A Statistical Model-checker and Analyzer for Probabilistic Systems.},
	author={Sen, Koushik and Viswanathan, Mahesh and Agha, Gul A},
	booktitle={QEST},
	volume={5},
	pages={251--252},
	year={2005}
}

@inproceedings{nouri2014faster,
	title={Faster statistical model checking by means of abstraction and learning},
	author={Nouri, Ayoub and Raman, Balaji and Bozga, Marius and Legay, Axel and Bensalem, Saddek},
	booktitle={Runtime Verification},
	pages={340--355},
	year={2014},
	organization={Springer}
}

@inproceedings{mao2011learning,
	title={Learning probabilistic automata for model checking},
	author={Mao, Hua and Chen, Yingke and Jaeger, Manfred and Nielsen, Thomas D and Larsen, Kim G and Nielsen, Brian},
	booktitle={Quantitative Evaluation of Systems (QEST), 2011 Eighth International Conference on},
	pages={111--120},
	year={2011},
	organization={IEEE}
}

@incollection{carrasco1994learning,
	title={Learning stochastic regular grammars by means of a state merging method},
	author={Carrasco, Rafael C and Oncina, Jos{\'e}},
	booktitle={Grammatical Inference and Applications},
	pages={139--152},
	year={1994},
	publisher={Springer}
}

@book{jeffreys1998theory,
	title={The theory of probability},
	author={Jeffreys, Harold},
	year={1998},
	publisher={OUP Oxford}
}

@article{hoeffding1963probability,
	title={Probability inequalities for sums of bounded random variables},
	author={Hoeffding, Wassily},
	journal={Journal of the American statistical association},
	volume={58},
	number={301},
	pages={13--30},
	year={1963},
	publisher={Taylor \& Francis Group}
}

@incollection{kim2012statistical,
	title={Statistical model checking for safety critical hybrid systems: An empirical evaluation},
	author={Kim, Youngjoo and Kim, Moonzoo and Kim, Tai-Hyo},
	booktitle={Hardware and Software: Verification and Testing},
	pages={162--177},
	year={2012},
	publisher={Springer}
}

@book{dunteman1989principal,
	title={Principal components analysis},
	author={Dunteman, George H},
	volume={69},
	year={1989},
	publisher={Sage}
}

@article{pearson1901lines,
	title={On Lines and Planes of Closest Fit to System of Points in Space},
	author={Pearson, K},
	journal={Philiosophical Magazine},
	volume={2},
	number={6},
	pages={559--572},
	year={1901}
}

@article{whitley1994genetic,
	title={A genetic algorithm tutorial},
	author={Whitley, Darrell},
	journal={Statistics and computing},
	volume={4},
	number={2},
	pages={65--85},
	year={1994},
	publisher={Springer}
}

@book{de2010grammatical,
	title={Grammatical inference: learning automata and grammars},
	author={De la Higuera, Colin},
	year={2010},
	publisher={Cambridge University Press}
}

@inproceedings{cheng2015modana,
	title={Modana: An Integrated Framework for Modeling and Analysis of Energy-Aware CPSs},
	author={Cheng, Bei and Wang, Xiao and Liu, Jufu and Du, Dehui},
	booktitle={Computer Software and Applications Conference (COMPSAC), 2015 IEEE 39th Annual},
	volume={2},
	pages={127--136},
	year={2015},
	organization={IEEE}
}

@incollection{fehnker2004benchmarks,
	title={Benchmarks for hybrid systems verification},
	author={Fehnker, Ansgar and Ivan{\v{c}}i{\'c}, Franjo},
	booktitle={Hybrid Systems: Computation and Control},
	pages={326--341},
	year={2004},
	publisher={Springer}
}

@article{david2012evaluation,
	title={An evaluation framework for energy aware buildings using statistical model checking},
	author={David, Alexandre and Du, DeHui and Larsen, Kim G and Miku{\v{c}}ionis, Marius and Skou, Arne},
	journal={Science China information sciences},
	volume={55},
	number={12},
	pages={2694--2707},
	year={2012},
	publisher={Springer}
}

@inproceedings{blochwitz2012functional,
	title={Functional mockup interface 2.0: The standard for tool independent exchange of simulation models},
	author={Blochwitz, Torsten and Otter, Martin and {\AA}kesson, Johan and Arnold, Martin and Clauss, Christoph and Elmqvist, Hilding and Friedrich, Markus and Junghanns, Andreas and Mauss, Jakob and Neumerkel, Dietmar and others},
	booktitle={9th International Modelica Conference},
	pages={173--184},
	year={2012},
	organization={The Modelica Association}
}

@book{friedenthal2014practical,
	title={A practical guide to SysML: the systems modeling language},
	author={Friedenthal, Sanford and Moore, Alan and Steiner, Rick},
	year={2014},
	publisher={Morgan Kaufmann}
}

@article{marte2011profile,
	title={Profile for MARTE: Modeling and Analysis of Real-Time Embedded Systems, version 1.},
	author={MARTE, UML},
	journal={Object Management Group},
	volume={3},
	year={2011}
}

@article{brown2001interval,
	title={Interval estimation for a binomial proportion},
	author={Brown, Lawrence D and Cai, T Tony and DasGupta, Anirban},
	journal={Statistical science},
	pages={101--117},
	year={2001},
	publisher={JSTOR}
}

@article{pires2008interval,
	title={Interval estimators for a binomial proportion: Comparison of twenty methods},
	author={Pires, Ana M and Amado, Concei{\c{c}}ao},
	journal={REVSTAT--Statistical Journal},
	volume={6},
	number={2},
	pages={165--197},
	year={2008}
}

