%du------


%guan------

@article{GeorgMRW14,
  title={Analyzing Cyber-Physical Energy Systems:The INSPIRE Cosimulation of Power and ICT Systems Using HLA},
  author={Georg, H. and Müller, S. C. and Rehtanz, C. and Wietfeld, C.},
  journal={IEEE Transactions on Industrial Informatics},
  volume={10},
  number={4},
  pages={2364-2373},
  year={2014},s
}

@article{ClauMODELISAR,
  title={MODELISAR: From system modeling to S/W running on the vehicle},
  author={Clauß, Christoph},
  journal={Co-Simulation},
}

@inproceedings{CremonaLBNLT16,
  title={Step revision in hybrid Co-simulation with FMI},
  author={Cremona, Fabio and Lohstroh, Marten and Broman, David and Natale, Marco Di and Lee, Edward A. and Tripakis, Stavros},
  booktitle={ACM/IEEE International Conference on Formal Methods and MODELS for System Design},
  pages={173-183},
  year={2016},
}

@inproceedings{BromanBGLMTW13,
   title={Determinate composition of FMUs for co-simulation},
  author={Broman, David and Brooks, Christopher and Greenberg, Lev and Lee, Edward A. and Masin, Michael and Tripakis, Stavros and Wetter, Michael},
  booktitle={Proceedings of the International Conference on Embedded Software},
  pages={1-12},
  year={2013},
}

%wang------
@article{AlurD94,
 title={A theory of timed automata},
  author={Alur and Rajeev and David, L},
  journal={Theoretical Computer Science},
  volume={126},
  number={2},
  pages={183-235},
  year={1994},
}

%ju------
@inproceedings{BehrmannDLHPYH06,
  title={UPPAAL 4.0},
  author={Behrmann, G and David, A and Larsen, K. G and Hakansson, J and Petterson, P and Wang, Yi and Hendriks, M},
  booktitle={International Conference on the Quantitative Evaluation of Systems},
  pages={125-126},
  year={2006},
}

@inproceedings{AmalioPCW16,
  title={Checking SysML Models for Co-simulation},
  author={Amálio, Nuno and Payne, Richard and Cavalcanti, Ana and Woodcock, Jim},
  booktitle={International Conference on Formal Engineering Methods},
  pages={450-465},
  year={2016},
}

@inproceedings{BromanBGLMTW13,
 title={Determinate composition of FMUs for co-simulation},
  author={Broman, David and Brooks, Christopher and Greenberg, Lev and Lee, Edward A. and Masin, Michael and Tripakis, Stavros and Wetter, Michael},
  booktitle={Proceedings of the International Conference on Embedded Software},
  pages={1-12},
  year={2013},
}

@inproceedings{CremonaLTBL16,
 title={FIDE:an FMI integrated development environment},
  author={Cremona, Fabio and Lohstroh, Marten and Tripakis, Stavros and Brooks, Christopher and Lee, Edward A.},
  pages={1759-1766},
  year={2016},
}

@inproceedings{Bastian2011Master,
  title={Master for co-simulation using FMI},
  author={Bastian, Jens and Clauß, Christoph and Wolf, Susann and Schneider, Peter},
  year={2011},
}

%@inproceedings{LiuJWCD16,
%  title={Improved Co-Simulation with Event Detection for Stochastic Behaviors of CPSs},
%  author={Liu, Jufu and Jiang, Kaiqiang and Wang, Xiao and Cheng, Bei and Du, Dehui},
%  booktitle={Computer Software and Applications Conference},
%  pages={209-214},
%  year={2016},
%}
@inproceedings{LiuJWCD16,
  title={Redacted for double-blind review.},
  author={XXX},
  booktitle={XXX},
  pages={XXX},
  year={XXX},
}

@inproceedings{SkelinWOHL15,
  title={Model checking of finite-state machine-based scenario-aware dataflow using timed automata},
  author={Skelin, M. and Wognsen, E. R. and Olesen, M. C. and Hansen, R. R.},
  booktitle={IEEE International Symposium on Industrial Embedded Systems},
  pages={1-10},
  year={2015},
}

@article{Bogomolov2015Co,
  title={Co-Simulation of Hybrid Systems with SpaceEx and Uppaal},
  author={Bogomolov, Sergiy and Greitschus, Marius and Jensen, Peter Gjøl and Larsen, Kim Guldstrand and Mikucionis, Marius and Podelski, Andreas and Strump, Thomas and Tripakis, Stavros},
  year={2015},
}

%FMI
@article{Blochwitz2011The,
  title={The functional mockup interface for tool independent exchange of simulation models},
  author={Blochwitz, T.},
  number={2011-03-22},
  pages={105-114},
  year={2011},
}
@inproceedings{FMI2INTRO,
  title={Proceedings of the 9th International MODELICA Conference},
  author={Otter, Martin and Zimmer, Dirk},
  booktitle={International Modelica Conference},
  year={2012},
}

@inproceedings{Larsen2016Integrated,
  title={Integrated tool chain for model-based design of Cyber-Physical Systems: The INTO-CPS project},
  author={Larsen, Peter Gorm and Fitzgerald, John and Woodcock, Jim and Fritzson, Peter},
  booktitle={International Workshop on Modelling, Analysis, and Control of Complex Cps},
  pages={1-6},
  year={2016},
}

@inproceedings{Tripakis15,
  title={Bridging the semantic gap between heterogeneous modeling formalisms and FMI},
  author={Tripakis, Stavros},
  booktitle={International Conference on Embedded Computer Systems: Architectures, Modeling, and Simulation},
  pages={60-69},
  year={2015},
}

@article{BouchenebGR09,
   title={TCTL Model Checking of Time Petri Nets},
  author={Boucheneb, Hanifa and Gardey, Guillaume and Roux, Olivier H},
  journal={Journal of Logic and Computation},
  volume={19},
  number={19},
  pages={1509-1540},
  year={2009},
}

@article{Fritzson1998Modelica,
  title={Modelica - a unified object-oriented language for system modelling and simulation},
  author={Fritzson, Peter and Engelson, Vadim},
  journal={Lecture Notes in Computer Science},
  volume={1445},
  number={1445},
  pages={67--90},
  year={1998},
}

%@inproceedings{Cheng2015Modana,
%  title={Modana: An Integrated Framework for Modeling and Analysis of Energy-Aware CPSs},
%  author={Cheng, Bei and Wang, Xiao and Liu, Jufu and Du, Dehui},
%  booktitle={IEEE  Computer Software and Applications Conference},
%  pages={127-136},
%  year={2015},
%}

@inproceedings{Cheng2015Modana,
  title={Redacted for double-blind review.},
  author={***},
  booktitle={***},
  pages={***},
  year={***},
}

@article{Zanero17,
  title={Cyber-physical Systems},
  author={Wolf, Wayne},
  publisher={IEEE Computer Society Press},
  pages={8-9},
  year={2009},
}

@inproceedings{AckerDVM15,
  title={Generation of an optimised master algorithm for FMI co-simulation},
  author={Acker, Bert Van and Denil, Joachim and Vangheluwe, Hans and Meulenaere, Paul De},
  booktitle={Symposium on Theory of Modeling and Simulation: Devs Integrative M and s Symposium},
  pages={205-212},
  year={2015},
}

@article{RahimHI17,
  title={A methodology for verifying SysML requirements using activity diagrams},
  author={Rahim, Messaoud and Hammad, Ahmed and Ioualalen, Malika},
  journal={Innovations in Systems and Software Engineering},
  volume={13},
  number={1},
  pages={1-15},
  year={2016},
}

@inproceedings{DanosHGS17,
  title={Computing Continuous-Time Markov Chains as Transformers of Unbounded Observables},
  author={Danos, Vincent and Heindel, Tobias and Garnier, Ilias and Simonsen, Jakob Grue},
  year={2017},
}

@article{Guerry13,
   title={ON THE EMBEDDING PROBLEM FOR DISCRETE-TIME MARKOV CHAINS},
  author={Guerry, Marie Anne},
  journal={Journal of Applied Probability},
  volume={50},
  number={4},
  pages={págs. 918-930},
  year={2013},
}

@article{SemerathBHSV17,
  title={Formal validation of domain-specific languages with derived features and well-formedness constraints},
  author={Semeráth, Oszkár and Ágnes Barta and Ákos Horváth and Szatmári, Zoltán and Varró, Dániel},
  journal={Software and Systems Modeling},
  volume={16},
  number={2},
  pages={357-392},
  year={2017},
}

@book{Dori16,
  title={Model-Based Systems Engineering with OPM and SysML},
  author={Dori, Dov},
  publisher={Springer New York},
  year={2016},
}

@article{Pepper2015International,
  title={International Council on Systems Engineering},
  author={Pepper, Ian K. and Wolf, Ross},
  journal={Police Journal},
  volume={88},
  number={3},
  pages={7-7},
  year={2015},
}

@article{Arbab2002Reo,
  title={Reo: a channel-based coordination model for component composition},
  author={Arbab, Farhad},
  journal={Mathematical Structures in Computer Science},
  volume={14},
  number={3},
  pages={329-366},
  year={2002},
}

@phdthesis{Dziwok17,
  author    = {Stefan Dziwok},
  title     = {Specification and verification for real-time coordination protocols
               of cyber-physical systems},
  school    = {University of Paderborn, Germany},
  year      = {2017},
  urn       = {urn:nbn:de:hbz:466:2-29447},
  timestamp = {Mon, 16 Oct 2017 12:55:44 +0200},
}
@article{Cremona2006Automatic,
  title={Automatic generation of master algorithms for FMI 2.0 Co-Simulation},
  author={Cremona, Fabio and Lohstroh, Marten and Tripakis, Stavros and Brooks, Christopher and Lee, Edward A.},
  year={2006},
}