%Entries
@inproceedings{Younes2004Planning,
  title={Planning and verification for stochastic processes with asynchronous events},
  author={Younes, H and Kan, L. S},
  booktitle={Nineteenth National Conference on Artificial Intelligence, Sixteenth Conference on Innovative Applications of Artificial Intelligence, July 25-29, 2004, San Jose, California, Usa},
  pages={1001-1002},
  year={2004},
}
@article{Bulychev2012Checking,
  title={Checking and distributing statistical model checking},
  author={Bulychev, Peter and David, Alexandre and Larsen, Kim Guldstrand and Legay, Axel and Miku{\v{c}}ionis, Marius and Poulsen, Danny B},
  journal={Lecture Notes in Computer Science},
  volume={7226},
  pages={449-463},
  year={2012},
}
@inproceedings{Cheng2015Modana,
  title={Modana: An Integrated Framework for Modeling and Analysis of Energy-Aware CPSs},
  author={Cheng, Bei and Wang, Xiao and Liu, Jufu and Du, Dehui},
  booktitle={IEEE  Computer Software and Applications Conference},
  pages={127-136},
  year={2015},
}
@article{david2012evaluation,
	title={An evaluation framework for energy aware buildings using statistical model checking},
	author={David, Alexandre and Du, DeHui and Larsen, Kim G and Miku{\v{c}}ionis, Marius and Skou, Arne},
	journal={Science China information sciences},
	volume={55},
	number={12},
	pages={2694--2707},
	year={2012},
	publisher={Springer}
}
@article{David2015Uppaal,
  title={Uppaal SMC tutorial},
  author={David, Alexandre and Larsen, Kim G and Legay, Axel and Miku and Ionis, Marius and Poulsen, Danny B and gsted},
  journal={International Journal on Software Tools for Technology Transfer},
  volume={17},
  number={4},
  pages={397-415},
  year={2015},
}
@inproceedings{grosu2005monte,
  title={Monte carlo model checking},
  author={Grosu, Radu and Smolka, Scott A},
  booktitle={International Conference on Tools and Algorithms for the Construction and Analysis of Systems},
  pages={271--286},
  year={2005},
  organization={Springer}
}
@inproceedings{herault2004,
	title={Approximate probabilistic model checking},
	author={H{\'e}rault, Thomas and Lassaigne, Richard and Magniette, Fr{\'e}d{\'e}ric and Peyronnet, Sylvain},
	booktitle={Verification, Model Checking, and Abstract Interpretation},
	pages={73--84},
	year={2004},
	organization={Springer}
}
@inproceedings{jha2009bayesian,
	title={A bayesian approach to model checking biological systems},
	author={Jha, Sumit K and Clarke, Edmund M and Langmead, Christopher J and Legay, Axel and Platzer, Andr{\'e} and Zuliani, Paolo},
	booktitle={Computational Methods in Systems Biology},
	pages={218--234},
	year={2009},
	organization={Springer}
}
@article{zuliani2013bayesian,
	title={Bayesian statistical model checking with application to Stateflow/Simulink verification},
	author={Zuliani, Paolo and Platzer, Andr{\'e} and Clarke, Edmund M},
	journal={Formal Methods in System Design},
	volume={43},
	number={2},
	pages={338--367},
	year={2013},
	publisher={Springer}
}
@incollection{kim2012statistical,
	title={Statistical model checking for safety critical hybrid systems: An empirical evaluation},
	author={Kim, Youngjoo and Kim, Moonzoo and Kim, Tai-Hyo},
	booktitle={Hardware and Software: Verification and Testing},
	pages={162--177},
	year={2012},
	publisher={Springer}
}
@inproceedings{legay2010statistical,
	title={Statistical model checking: An overview},
	author={Legay, Axel and Delahaye, Beno{\^\i}t and Bensalem, Saddek},
	booktitle={Runtime Verification},
	pages={122--135},
	year={2010},
	organization={Springer}
}

@article{younes2006statistical,
	title={Statistical probabilistic model checking with a focus on time-bounded properties},
	author={Younes, H{\aa}kan LS and Simmons, Reid G},
	journal={Information and Computation},
	volume={204},
	number={9},
	pages={1368--1409},
	year={2006},
	publisher={Elsevier}
}
@inproceedings{younes2005ymer,
	title={Ymer: A statistical model checker},
	author={Younes, H{\aa}kan LS},
	booktitle={Computer Aided Verification},
	pages={429--433},
	year={2005},
	organization={Springer}
}
@book{DBLP:books/daglib/0019871,
  author    = {S. N. Sivanandam and
               S. N. Deepa},
  title     = {Introduction to genetic algorithms},
  publisher = {Springer},
  year      = {2008},
  timestamp = {Thu, 10 Feb 2011 14:03:18 +0100},
  biburl    = {http://dblp.uni-trier.de/rec/bib/books/daglib/0019871},
  bibsource = {dblp computer science bibliography, http://dblp.org}
}
@inproceedings{Behrmann2006UPPAAL,
  title={UPPAAL 4.0},
  author={Behrmann, Gerd and David, Alexandre and Larsen, Kim G and Hakansson, John and Petterson, Paul and Yi, Wang and Hendriks, Martijn},
  booktitle={International Conference on the Quantitative Evaluation of Systems},
  pages={125-126},
  year={2006},
}
@article{Bulychev2012UPPAAL,
  title={UPPAAL-SMC: Statistical Model Checking for Priced Timed Automata},
  author={Bulychev, Peter and David, Alexandre and Larsen, Kim Gulstrand and Marius Miku{\v{c}}ionis},
  journal={Electronic Proceedings in Theoretical Computer Science},
  volume={85},
  year={2012},
}
@article{Kwiatkowska2002PRISM,
  title={PRISM: Probabilistic Symbolic Model Checker},
  author={Kwiatkowska, Marta and Norman, Gethin and Parker, David},
  journal={Lecture Notes in Computer Science},
  volume={2324},
  pages={200-204},
  year={2002},
}

@incollection{carrasco1994learning,
	title={Learning stochastic regular grammars by means of a state merging method},
	author={Carrasco, Rafael C and Oncina, Jos{\'e}},
	booktitle={Grammatical Inference and Applications},
	pages={139--152},
	year={1994},
	publisher={Springer}
}

@article{du2015smc4rare,
	title={Statistical Model Checking for Rare-Event in Safety-Critical System},
	author={Dehui Du,   Bei Cheng,    Jing Liu},
	journal={Journal of Software},
	number={2},
	pages={305-320},
	year={2015},
}

@book{baier2008principles,
	title={Principles of model checking},
	author={Baier, Christel and Katoen, Joost-Pieter and others},
	volume={26202649},
	year={2008},
	publisher={MIT press Cambridge}
}
@incollection{basu2010statistical,
	title={Statistical abstraction and model-checking of large heterogeneous systems},
	author={Basu, Ananda and Bensalem, Saddek and Bozga, Marius and Caillaud, Beno{\^\i}t and Delahaye, Beno{\^\i}t and Legay, Axel},
	booktitle={Formal Techniques for Distributed Systems},
	pages={32--46},
	year={2010},
	publisher={Springer}
}

@book{dunteman1989principal,
	title={Principal components analysis},
	author={Dunteman, George H},
	volume={69},
	year={1989},
	publisher={Sage}
}
@article{David2014Statistical,
  title={Statistical Model Checking of Dynamic Networks of Stochastic Hybrid Automata},
  author={David, Alexandre and Larsen, Kim G. and Legay, Axel and Poulsen, Danny B},
  journal={Francisco Javier Fuente Fernandez},
  volume={66},
  pages={91-104},
  year={2014},
}
@article{Yoo2016Challenges,
  title={Challenges and research directions for heterogeneous cyber physical system based on IEC 61850: Vulnerabilities, security requirements, and security architecture},
  author={Yoo, Hyunguk and Shon, Taeshik},
  journal={Future Generation Computer Systems},
  volume={61},
  pages={128-136},
  year={2016},
}
@inproceedings{Miura2000Modeling,
  title={Modeling motion uncertainty of moving obstacles for robot motion planning},
  author={Miura, J and Shirai, Y},
  booktitle={IEEE International Conference on Robotics and Automation, 2000. Proceedings. ICRA},
  pages={2258-2263 vol.3},
  year={2000},	
}
@inproceedings{herault2004approximate,
	title={Approximate probabilistic model checking},
	author={H{\'e}rault, Thomas and Lassaigne, Richard and Magniette, Fr{\'e}d{\'e}ric and Peyronnet, Sylvain},
	booktitle={Verification, Model Checking, and Abstract Interpretation},
	pages={73--84},
	year={2004},
	organization={Springer}
}

@article{jiangkaiqiang2016,
  title={AL-SMC: Optimizing Statistical Model Checking by Automatic Abstraction and Learning},
  author={Dehui Du, Ping Huang, Kaiqiang Jiang},
  journal={International Journal of Software and Informatics},
  volume={10},
  pages={4:0},
  year={2016},
}

@book{Sen2004Statistical,
  title={Statistical Model Checking of Black-Box Probabilistic Systems},
  author={Sen, Koushik and Viswanathan, Mahesh and Agha, Gul},
  publisher={Springer Berlin Heidelberg},
  year={2004},
}

@InProceedings{LWAB10,
author={M. Lahijanian and J. Wasniewski and S. B. Andersson and C. Belta},
title={Motion Planning and Control from Temporal Logic Specifications with Probabilistic Satisfaction Guarantees},
booktitle={Proc. 2010 IEEE International Conference on Robotics and Automation},
year={2010},

editor={},
pages={3227--3232},
organization={},
publisher={},
series={},
volume={},
address={},
month={},
note={},
key={}
}